

@article{siegel2018cancer,
  author =        {Siegel, Rebecca L and Miller, Kimberly D and
                   Jemal, Ahmedin},
  journal =       {CA: a cancer journal for clinicians},
  number =        {1},
  pages =         {7--30},
  publisher =     {Wiley Online Library},
  title =         {Cancer statistics, 2018},
  volume =        {68},
  year =          {2018},
}

@article{torre2015global,
  author =        {Torre, Lindsey A and Bray, Freddie and
                   Siegel, Rebecca L and Ferlay, Jacques and
                   Lortet-Tieulent, Joannie and Jemal, Ahmedin},
  journal =       {CA: a cancer journal for clinicians},
  number =        {2},
  pages =         {87--108},
  publisher =     {Wiley Online Library},
  title =         {Global cancer statistics, 2012},
  volume =        {65},
  year =          {2015},
}

@article{al2004prognostic,
  author =        {Al-Kuraya, Khawla and Schraml, Peter and
                   Torhorst, Joachim and Tapia, Coya and
                   Zaharieva, Boriana and Novotny, Hedvika and
                   Spichtin, Hanspeter and Maurer, Robert and
                   Mirlacher, Martina and K{\"o}chli, Ossi and others},
  journal =       {Cancer research},
  number =        {23},
  pages =         {8534--8540},
  publisher =     {AACR},
  title =         {Prognostic relevance of gene amplifications and
                   coamplifications in breast cancer},
  volume =        {64},
  year =          {2004},
}

@article{veta2016mitosis,
  author =        {Veta, Mitko and Van Diest, Paul J and Jiwa, Mehdi and
                   Al-Janabi, Shaimaa and Pluim, Josien PW},
  journal =       {PloS one},
  number =        {8},
  pages =         {e0161286},
  publisher =     {Public Library of Science},
  title =         {Mitosis counting in breast cancer: Object-level
                   interobserver agreement and comparison to an
                   automatic method},
  volume =        {11},
  year =          {2016},
}

@inproceedings{Ciresan:2013hm,
  address =       {Berlin, Heidelberg},
  author =        {Cire{\c s}an, Dan C and Giusti, Alessandro and
                   Gambardella, Luca M and Schmidhuber, J{\"u}rgen},
  booktitle =     {MICCAI},
  month =         sep,
  pages =         {411--418},
  publisher =     {Springer, Berlin, Heidelberg},
  title =         {{Mitosis Detection in Breast Cancer Histology Images
                   with Deep Neural Networks}},
  year =          {2013},
}

@article{Paeng:2016vi,
  author =        {Paeng, Kyunghyun and Hwang, Sangheum and
                   Park, Sunggyun and Kim, Minsoo and Kim, Seokhwi},
  month =         dec,
  title =         {{A Unified Framework for Tumor Proliferation Score
                   Prediction in Breast Histopathology}},
  year =          {2016},
  annote =        {Winner of the Tumor Proliferation Assessment
                   Challenge 2016 (TUPAC16): http://tupac.tue-image.nl/},
}

@article{Lafarge:2017ud,
  author =        {Lafarge, Maxime W and Pluim, Josien P W and
                   Eppenhof, Koen A J and Moeskops, Pim and Veta, Mitko},
  journal =       {arXiv.org},
  month =         jul,
  title =         {{Domain-adversarial neural networks to address the
                   appearance variability of histopathology images}},
  year =          {2017},
}

@article{Janowczyk:2016gv,
  author =        {Janowczyk, Andrew and Madabhushi, Anant},
  journal =       {Journal of pathology informatics},
  number =        {1},
  pages =         {29},
  title =         {{Deep learning for digital pathology image analysis:
                   A comprehensive tutorial with selected use cases.}},
  volume =        {7},
  year =          {2016},
}

@article{Liu:2017uu,
  author =        {Liu, Yun and Gadepalli, Krishna and Norouzi, Mohammad and
                   Dahl, George E and Kohlberger, Timo and
                   Boyko, Aleksey and Venugopalan, Subhashini and
                   Timofeev, Aleksei and Nelson, Philip Q and
                   Corrado, Greg S and Hipp, Jason D and Peng, Lily and
                   Stumpe, Martin C},
  journal =       {arXiv.org},
  month =         mar,
  title =         {{Detecting Cancer Metastases on Gigapixel Pathology
                   Images}},
  year =          {2017},
  annote =
  {https://research.googleblog.com/2017/03/assisting-pathologists-in-detecting.html},
}

@article{Ertosun:2015vo,
  author =        {Ertosun, Mehmet G{\"u}nhan and Rubin, Daniel L},
  journal =       {AMIA ... Annual Symposium proceedings. AMIA
                   Symposium},
  pages =         {1899--1908},
  title =         {{Automated Grading of Gliomas using Deep Learning in
                   Digital Pathology Images: A modular approach with
                   ensemble of convolutional neural networks.}},
  volume =        {2015},
  year =          {2015},
  annote =        {PDF:
                       https://web.stanford.edu/group/rubinlab/pubs/2243353.pdf
  Rubin Lab: https://rubinlab.stanford.edu/publications Histologic Grade:
  http://emedicine.medscape.com/article/1947145-workup{\#}c12},
}

@article{Macenko:2009hf,
  author =        {Macenko, Marc and Niethammer, Marc and Marron, J S and
                   Borland, David and Woosley, John T and Guan, Xiaojun and
                   Schmitt, Charles and Thomas, Nancy E},
  journal =       {ISBI},
  pages =         {1107--1110},
  title =         {{A Method for Normalizing Histology Slides for
                   Quantitative Analysis.}},
  year =          {2009},
  annote =        {Related implementation:
  https://github.com/mitkovetta/staining-normalization/blob/master/normalizeStaining.m
  Another implementation:
  https://github.com/duggalrahul/Overlapping-Cell-Nuclei-Segmentation-using-DBN/blob/master/stain_normalisation_toolbox/StainNormalisation/NormMacenko.m
  Related challenge: http://tupac.tue-image.nl/node/95},
}

@article{Shen:2016uo,
  author =        {Shen, Li and Lin, Zhouchen and Huang, Qingming},
  journal =       {ECCV},
  title =         {{Relay Backpropagation for Effective Learning of Deep
                   Convolutional Neural Networks.}},
  year =          {2016},
  annote =        {Technical report for our submissions to the ILSVRC
                   2015 Scene Classification Challenge, where we won the
                   first place},
}

@article{Buda:2017tg,
  author =        {Buda, Mateusz and Maki, Atsuto and
                   Mazurowski, Maciej A},
  journal =       {arxiv.org},
  month =         oct,
  title =         {{A systematic study of the class imbalance problem in
                   convolutional neural networks}},
  year =          {2017},
}

@article{He:2015tt,
  author =        {He, Kaiming and Zhang, Xiangyu and Ren, Shaoqing and
                   Sun, Jian},
  journal =       {arXiv.org},
  month =         dec,
  title =         {{Deep Residual Learning for Image Recognition}},
  year =          {2015},
}

@article{He:2016tq,
  author =        {He, Kaiming and Zhang, Xiangyu and Ren, Shaoqing and
                   Sun, Jian},
  journal =       {arXiv.org},
  month =         mar,
  title =         {{Identity Mappings in Deep Residual Networks}},
  year =          {2016},
}

@inproceedings{Ioffe:2015ud,
  author =        {Ioffe, S and Szegedy, C},
  booktitle =     {International Conference on Machine Learning},
  title =         {{Batch normalization: Accelerating deep network
                   training by reducing internal covariate shift}},
  year =          {2015},
  annote =        {Ian Goodfellow:
  https://www.youtube.com/embed/Xogn6veSyxA?start=325{\&}end=664{\&}version=3},
}

@inproceedings{Nair:2010vq,
  author =        {Nair, Vinod and Hinton, Geoffrey E},
  booktitle =     {International Conference on Machine Learning},
  title =         {{Rectified Linear Units Improve Restricted Boltzmann
                   Machines.}},
  year =          {2010},
}

@article{Lin:2013wb,
  author =        {Lin, Min and Chen, Qiang and Yan, Shuicheng},
  journal =       {arXiv.org},
  month =         dec,
  title =         {{Network In Network}},
  year =          {2013},
  annote =        {10 pages, 4 figures, for iclr2014 global average
                   pooling function},
}

@inproceedings{He:2015vx,
  author =        {He, Kaiming and Zhang, Xiangyu and Ren, Shaoqing and
                   0001, Jian Sun},
  booktitle =     {International Conference on Computer Vision},
  title =         {{Delving Deep into Rectifiers - Surpassing
                   Human-Level Performance on ImageNet Classification.}},
  year =          {2015},
  annote =        {He normal initialization},
}

@incollection{LeCun:1998dl,
  address =       {Berlin, Heidelberg},
  author =        {LeCun, Yann and Bottou, Leon and Orr, Genevieve B and
                   M{\"u}ller, Klaus Robert},
  booktitle =     {Neural Networks: Tricks of the Trade},
  pages =         {9--50},
  publisher =     {Springer, Berlin, Heidelberg},
  title =         {{Efficient BackProp}},
  year =          {1998},
}

@inproceedings{Kingma:2015us,
  author =        {Kingma, Diederik P and Ba, Jimmy},
  booktitle =     {International Conference on Learning Representations},
  title =         {{Adam: A Method for Stochastic Optimization}},
  year =          {2015},
}

@inproceedings{Bengio:2013tc,
  author =        {Bengio, Yoshua and Boulanger-Lewandowski, Nicolas and
                   Pascanu, Razvan},
  booktitle =     {IEEE International Conference on Acoustics, Speech
                   and Signal Processing},
  title =         {{Advances in optimizing recurrent networks.}},
  year =          {2013},
  annote =        {sgd w/ nesterov momentum, section 3.5},
}

@inproceedings{ester1996density,
  author =        {Ester, Martin and Kriegel, Hans-Peter and
                   Sander, J{\"o}rg and Xu, Xiaowei and others},
  booktitle =     {Kdd},
  number =        {34},
  pages =         {226--231},
  title =         {A density-based algorithm for discovering clusters in
                   large spatial databases with noise.},
  volume =        {96},
  year =          {1996},
}

@article{Bergstra:2012ux,
  author =        {Bergstra, James and Bengio, Yoshua},
  journal =       {Journal of Machine Learning Research},
  title =         {{Random Search for Hyper-Parameter Optimization.}},
  year =          {2012},
}

